@book{RJA2006,
  title     = {Mathematical Statistics and Data Analysis},
  author    = {Rice, John A.},
  year      = {2006},
  edition   = {3rd},
  publisher = {Cengage Learning},
  isbn      = {9780534399429}
}